@article{Coulliette00,
	author  = {C. Coulliette and S. Wiggins},
	doi     = {10.5194/npg-7-59-2000},
	journal = {Nonlinear Processes in Geophysics},
	month   = {June},
	note    = {},
	number  = {1/2},
	pages   = {59--85},
	title   = {{Intergyre transport in a wind-driven, quasigeostrophic double gyre: An application of lobe dynamics}},
	volume  = {7},
	year    = {2000}
}

@article{Coulliette01,
	author  = {C. Coulliette and S. Wiggins},
	doi     = {10.5194/npg-8-69-2001},
	journal = {Nonlinear Processes in Geophysics},
	month   = {April},
	note    = {},
	number  = {1/2},
	pages   = {69--94},
	title   = {{Intergyre transport in a wind-driven, quasigeostrophic double gyre: An application of lobe dynamics}},
	volume  = {8},
	year    = {2001}
}

@article{Coulliette07,
	author  = {C. Coulliette and F. Lekien and J. D. Paduan and G. Haller and J. E. Marsden},
	doi     = {10.1021/es0630691},
	journal = {Environmental Science \& Technology},
	month   = {September},
	note    = {},
	number  = {18},
	pages   = {6562--6572},
	title   = {{Optimal pollution mitigation in Monterey Bay based on coastal radar data and nonlinear dynamics}},
	volume  = {41},
	year    = {2007}
}

@article{Shadden05,
	author  = {S. C. Shadden and F. Lekien and J. E. Marsden},
	doi     = {10.1016/j.physd.2005.10.007},
	journal = {Physica D: Nonlinear Phenomena},
	month   = {December},
	note    = {},
	number  = {3--4},
	pages   = {271--304},
	title   = {{Definition and properties of Lagrangian coherent structures from finite-time Lyapunov exponents in two-dimensional aperiodic flows}},
	volume  = {212},
	year    = {2005}
}